%% LaTeX2e file `letter.bib'
%% generated by the `filecontents' environment
%% from source `test' on 2020/04/23.
%%
@article{First,
  author  = "Other, A. N.",
  title   = "Some things {I} did",
  journal = "J. Irreproducible Results",
  year    = "2011"
}

@article{Second,
  author  = "Aaa, S{\o}mebloke",
  title   = "Tigers",
  journal = "Ann. Improbable Res.",
  year    = "2011"
}
